@article{Harel:1987:SVF:34884.34886,
 author = {Harel, David},
 title = {Statecharts:  A Visual Formalism for Complex Systems},
 journal = {Sci. Comput. Program.},
 issue_date = {June 1, 1987},
 volume = {8},
 number = {3},
 month = jun,
 year = {1987},
 issn = {0167-6423},
 pages = {231--274},
 numpages = {44},
 doi = {10.1016/0167-6423(87)90035-9},
 acmid = {34886},
 publisher = {Elsevier North-Holland, Inc.},
 address = {Amsterdam, The Netherlands, The Netherlands},
}

@article{ptolemy,
    author = {Johan Eker and Jorn W Janneck and Edward A. Lee
              and Jie Liu and Xiaojun Liu and Jozsef Ludvig and
              Sonia Sachs and Yuhong Xiong and Stephen
              Neuendorffer},
    title = { Taming heterogeneity - the Ptolemy approach},
    journal = {Proceedings of the IEEE},
    volume = {91},
    number = {1},
    pages = {127-144},
    year = {2003},
    URL = {http://chess.eecs.berkeley.edu/pubs/488.html}
}

@presentation{ptolemy2,
    author = {Christopher Brooks},
    title = {Ptolemy {II}: An open-source platform for
              experimenting with actor-oriented design},
    day = {11},
    month = {February},
    year = {2016},
    note = {Poster presented at the "https://www.terraswarm.org/conferences/16/bears/" 2016
              Berkeley EECS Annual Research Symposium.},
    URL = {http://chess.eecs.berkeley.edu/pubs/1166.html}
}

@presentation{bip,
    author = {Sergio Yovine},
    title = {{BIP}: Language and Tools for Component-based Construction},
    year = {2007},
    URL = {http://users.cs.york.ac.uk/~burns/papers/bip.pdf}
}

@inproceedings{bip2,
  title={Modeling heterogeneous real-time components in {BIP}},
  author={Basu, Ananda and Bozga, Marius and Sifakis, Joseph},
  booktitle={Software Engineering and Formal Methods, 2006. SEFM 2006. Fourth IEEE International Conference on},
  pages={3--12},
  year={2006},
  organization={Ieee}
}


@inproceedings{bip3,
  title={Modeling synchronous systems in {BIP}},
  author={Bozga, Marius Dorel and Sfyrla, Vassiliki and Sifakis, Joseph},
  booktitle={Proceedings of the seventh ACM international conference on Embedded software},
  pages={77--86},
  year={2009},
  organization={ACM}
}

@book{stateflow,
  title={Introduction to Stateflow with Applications},
  author={Karris, Steven T},
  year={2007},
  publisher={Orchard Publications}
}

@mastersthesis{graics-bence-bsc,
  author = {Graics, Bence},
  title = {{Model-Driven Design and Verification of Component-Based Reactive Systems}},
  school = {Budapest University of Technology and Economics},
  year = {2016},
  type = {Bachelor{\textquoteright}s thesis},
  url = {https://gamma.inf.mit.bme.hu}
}

@inproceedings{bip2009,
	author = {Bozga, Marius Dorel and Sfyrla, Vassiliki and Sifakis, Joseph},
	title = {Modeling Synchronous Systems in {BIP}},
	booktitle = {Proc. 7th ACM Int. Conf. on Embedded Software},
	series = {EMSOFT '09},
	year = {2009},
	isbn = {978-1-60558-627-4},
	location = {Grenoble, France},
	pages = {77--86},
	numpages = {10},
	doi = {10.1145/1629335.1629347},
	acmid = {1629347},
	OPTpublisher = {ACM},
	OPTaddress = {New York, NY, USA},
	keywords = {BIP (behavior-interaction-priority), lustre, modal flow graphs, priority petri nets, synchronous systems},
} 

@book{stateflow2007,
	title={Introduction to Stateflow with Applications},
	author={Karris, Steven T},
	year={2007},
	publisher={Orchard Publ.}
}